@string{SP="IEEE Security and Privacy Magazine"}
@string{CODASPY="ACM Conference on Data and Application Security and Privacy"}
@string{ATC="Usenix Annual Technical Conference"}
@string{CSUR="ACM Computing Surveys"}
@string{RTSS="Real-Time Systems Symposium"}
@string{arXiv="arXiv Technical Report"}
@string{LangSec="Language-theoretic Security IEEE Security and Privacy Workshop"}
@string{CCS="ACM Conference on Computer and Communication Security"}
@string{IOTSP="Workshop on the Internet of Things Security and Privacy"}
@string{NDSS="Network and Distributed System Security Symposium"}
@string{ISPASS="International Symposium on Performance Analysis of Systems and Software"}
@string{CCC="Chaos Communication Congress"}
@string{NSPW="New Security Paradigms Workshop"}
@string{BHEU="BlackHat Europe"}
@string{TR="Technical Report"}
@string{PLDI="ACM International Conference on Programming Language Design and Implementation"}
@string{EuroSP="IEEE European Symposium on Security and Privacy"}
@string{SS3P="Open Textbook"}
@string{DIMVA="Conference on Detection of Intrusions and Malware and Vulnerability Assessment"}
@string{ISMM="ACM SIGPLAN International Symposium on Memory Management"}
@string{ESSoS="Int'l. Symp. on Eng. Secure Software and Systems"}
@string{SEC="Usenix Security Symposium"}
@string{IMC="ACM Internet Measurement Conference"}
@string{TSE="IEEE Transactions on Software Engineering"}
@string{CC="International Conference on Compiler Construction"}
@string{STM="International Workshop on Security and Trust Management"}
@string{ArmsRace="The Continuing Arms Race"}
@string{TRB="Transportation Research Board"}
@string{FEAST="Forming an Ecosystem Around Software Transformation"}
@string{DSN="IEEE/IFIP International Conference on Dependable Systems and Networks"}
@string{SyScan360="Symposium on Security for Asia Network + 360"}
@string{BalCCon="Balkan Computer Congress"}
@string{DSAL="AOSD workshop on Domain-Specific Aspect Languages"}
@string{ESORICS="European Symposium on Research in Computer Security"}
@string{WOOT="Usenix Workshop on Offensive Technologies"}
@string{TIFS="IEEE Transactions on Information Forensics and Security"}
@string{HotSWUp="Usenix Workshop on Hot Topics in Software Upgrades"}
@string{AsiaCCS="ACM Symp. on InformAtion, Computer and Communications Security"}
@string{AMAS-BT="Workshop on Architectural and Microarchitectural Support for Binary Translation"}
@string{PPREW="Program Protection and Reverse Engineering Workshop"}
@string{SYSTOR="ACM International Systems and Storage Conference"}
@string{VEE="ACM International Conference on Virtual Execution Environments"}
@string{OSDI="Usenix Symposium on Operating Systems Design and Implementation"}
@string{Oakland="IEEE International Symposium on Security and Privacy"}
@string{PST="IEEE Conference on Privacy, Security, and Trust"}

@inproceedings{dinesh20oakland,
  author = {Sushant Dinesh and Nathan Burow and Dongyan Xu and Mathias Payer},
  title = {{RetroWrite: Statically Instrumenting COTS Binaries for Fuzzing and Sanitization}},
  year = {2020},
  booktitle = Oakland,
  keywords = {conference},
}

@inproceedings{marx,
  author = {Andre Pawlowski and Moritz Contag and Victor van der Veen and Chris Ouwehand and Thorsten Holz and Herbert Bos and Elias Athanasopoulos and Cristiano Giuffrida},
  title = {{MARX: Uncovering Class Hierarchies in C++ Programs}},
  year = {2017},
  booktitle = NDSS,
  keywords = {conference},
}

@inproceedings{hardworkingdwarf,
  author = { James Oakley and Sergey Bratus },
  title = { Exploiting the hard-working DWARF: Trojan and Exploit Techniques With No Native Executable Code },
  year = { 2011 },
  booktitle = WOOT,
  keywords = { conference },
}

@inproceedings{hextype,
  author = { Yuseok Jeon and Priyam Biswas and Scott Carr and Byoungyoung Lee and Mathias Payer},
  title = { HexType: Efficient Detection of Type Confusion Errors for C++ },
  year = { 2017 },
  booktitle = CCS,
  keywords = { conference },
}

@misc{cwithclasses,
  author = {Bjarne Stroustrup},
  title = {When was C++ invented?},
  howpublished = {\url{https://www.stroustrup.com/bs_faq.html\#invention}},
  note = {Accessed: 2021-06-05},
}

@misc{stackoverflowpopularity,
  author = {stackoverflow},
  title = {Most Popular Technologies},
  howpublished = {\url{https://insights.stackoverflow.com/survey/2020\#most-popular-technologies}},
  note = {Accessed: 2021-06-05},
}

@misc{discovergithub,
  author = { Louis Merlin },
  title = { dis-cover },
  howpublished = {\url{https://github.com/HexHive/dis-cover}},
  note = {Accessed: 2021-06-06},
}

@misc{ghidra,
  author = { NSA },
  title = { ghidra },
  howpublished = {\url{https://ghidra-sre.org/}},
  note = {Accessed: 2021-06-06},
}

@misc{ida,
  author = { Hex Rays },
  title = { IDA Pro },
  howpublished = {\url{https://hex-rays.com/IDA-pro/}},
  note = {Accessed: 2021-06-06},
}

@misc{binja,
  author = { Vector 35 },
  title = { Binary Ninja },
  howpublished = {\url{https://binary.ninja/}},
  note = {Accessed: 2021-06-06},
}

@misc{zoom,
  author = { Zoom Video Communications },
  title = { Zoom Cloud Meetings },
  howpublished = {\url{https://zoom.us/}},
  note = {Accessed: 2021-06-09},
}

@misc{gold,
  author = { Ian Lance Taylor },
  title = { Gold Linker },
  howpublished = {\url{https://en.wikipedia.org/wiki/Gold_(linker)}},
  note = {Accessed: 2021-06-09},
}

@misc{dynamiccast,
  author = { cppreference.com },
  title = { dynamic\_cast conversion },
  howpublished = {\url{https://en.cppreference.com/w/cpp/language/dynamic_cast}},
  note = {Accessed: 2021-06-10},
}

@misc{idagccrtti,
  author = { mwl4 },
  title = { ida\_gcc\_rtti },
  howpublished = {\url{https://github.com/mwl4/ida_gcc_rtti}},
  note = {Accessed: 2021-06-12},
}

@misc{ghidracppclassanalyzer,
  author = { Andrew Strelsky },
  title = { Ghidra C++ Class and Run Time Type Information Analyzer },
  howpublished = {\url{https://github.com/astrelsky/Ghidra-Cpp-Class-Analyzer}},
  note = {Accessed: 2021-06-12},
}

@misc{dwarf,
  author = { DWARF Standards Committee },
  title = { The DWARF Debugging Standard },
  howpublished = {\url{http://www.dwarfstd.org/}},
  note = {Accessed: 2021-06-14},
}

@misc{bratus,
  author = { DARPA },
  title = { Dr. Sergey Bratus },
  howpublished = {\url{https://www.darpa.mil/staff/dr-sergey-bratus}},
  note = {Accessed: 2021-06-15},
}

@misc{rwkernel,
  author = { Matteo Rizzo },
  title = { Hardening and Testing Privileged Code through Binary Rewriting },
  howpublished = {\url{http://hexhive.epfl.ch/theses/19-rizzo-thesis.pdf}},
  note = {Accessed: 2021-06-15},
}

@misc{rwarm,
  author = { Luca Di Bartolomeo },
  title = { ArmWrestling:  efficient binaryrewriting for ARM },
  howpublished = {\url{http://hexhive.epfl.ch/theses/20-dibartolomeo-thesis.pdf}},
  note = {Accessed: 2021-06-15},
}

@misc{cppabi,
  author = {},
  title = { Itanium C++ ABI },
  howpublished = {\url{https://itanium-cxx-abi.github.io/cxx-abi/abi.html}},
  note = {Accessed: 2021-06-15},
}
